@book{ROB,
publisher = "Mосква",
author = {Д. Роджерс},
title = "Алгоритмические основы машинной графики",
year = 1989
}

@book{WAVE,
publisher = "",
author = {А. В. Куров},
title = "Моделирование волн на поверхности жидкости",
year = 2013,
publisher = "МГТУ им. Н.Э. Баумана"
}

@book{porevcg,
author = {В. Н. Порев},
title = "Компьютерная графика.",
year = 2002,
publisher = "СПб.: БХВ-Петербург"
}

@article{MTM,
        author="",
	title="Методы трехмерного моделирования [Электронный ресурс]",
	url="https://studopedia.ru/19_307536_metodi-trehmernogo-modelirovaniya-karkasnoe-modelirovanie-poverhnostnoe-tverdotelnoe-modelirovanie-tipi-poverhnostey-chto-predstavlyayut-s-soboy-trehmernie-ob-ekti.html",
    journal="",
year = 2022,
    urldate = {2024-11-29}
}

@article{LIGHT,
    author="",
  title           = "Простые модели освещения [Электронный ресурс]",
  url             = "https://cgraph.ru/node/435",
journal = "",
  urldate = {2024-11-29},
year = 2022
}

@misc{palcing-camera,
author="",
	title="Placing a Camera: the LookAt Function [Электронный ресурс]",
	url="https://www.scratchapixel.com/lessons/mathematics-physics-for-computer-graphics/lookat-function/framing-lookat-function.html",
  urldate = {2024-11-29}
}

@misc{python,
author="",
	title="Welcome to Python [Электронный ресурс]",
  url="https://www.python.org",
  urldate = {2024-11-29}
}

@misc{qt-framefork,
author="",
	title="All Qt Documentation [Электронный ресурс]",
	url="https://doc.qt.io/all-topics.html",
  urldate = {2024-11-29}
}

@misc{intel,
author="",
title={Intel [Электронный ресурс]},
url="https://www.intel.com/content/www/us/en/products/details/processors/core/i7.html",
urldate = {2024-11-29}
}

@misc{pythonlangtime,
author="",
	title="time — Time access and conversions [Электронный ресурс]",
    url="https://docs.python.org/3/library/time.html#functions",
    urldate = {2024-11-29}
}

@article{IDEF0,
journal = "",
author="",
	title="Методология IDEF0 [Электронный ресурс]",
	url="https://studme.org/87184/ekonomika/metodologiya_idef0",
  urldate = {2024-11-29},
year = 2022,
}
